[gd_scene load_steps=9 format=2]

[ext_resource path="res://Resources/Themes/ReadableTheme.tres" type="Theme" id=1]
[ext_resource path="res://Code/UI/CharacterWindow/CharacterWindow.cs" type="Script" id=2]
[ext_resource path="res://Code/UI/CharacterWindow/CharacterNameLabel.cs" type="Script" id=3]
[ext_resource path="res://Code/UI/CharacterWindow/SpeciesLabel.cs" type="Script" id=4]
[ext_resource path="res://Code/UI/CharacterWindow/InheritiedScenes/OpinionBox/OpinionBox.tscn" type="PackedScene" id=5]
[ext_resource path="res://Code/UI/CharacterWindow/InheritiedScenes/IdeologyBox/IdeologyBox.tscn" type="PackedScene" id=6]
[ext_resource path="res://Code/UI/CharacterWindow/TraitBox.cs" type="Script" id=7]
[ext_resource path="res://Code/UI/CharacterWindow/TraitTitleLabel.cs" type="Script" id=8]

[node name="CharacterWindow" type="WindowDialog"]
visible = true
margin_left = 135.0
margin_top = 176.0
margin_right = 585.0
margin_bottom = 526.0
rect_min_size = Vector2( 300, 0 )
theme = ExtResource( 1 )
window_title = "Character Name"
resizable = true
script = ExtResource( 2 )

[node name="MarginContainer" type="MarginContainer" parent="."]
anchor_right = 1.0
anchor_bottom = 1.0
margin_left = 5.0
margin_top = 5.0
margin_right = -5.0
margin_bottom = -5.0

[node name="MainRow" type="VBoxContainer" parent="MarginContainer"]
margin_right = 440.0
margin_bottom = 340.0

[node name="FirstRow" type="HBoxContainer" parent="MarginContainer/MainRow"]
margin_right = 440.0
margin_bottom = 13.0

[node name="CharacterNameLabel" type="Label" parent="MarginContainer/MainRow/FirstRow"]
margin_right = 340.0
margin_bottom = 13.0
size_flags_horizontal = 3
text = "Basic Character Name"
script = ExtResource( 3 )

[node name="SpeciesLabel" type="Label" parent="MarginContainer/MainRow/FirstRow"]
margin_left = 344.0
margin_right = 440.0
margin_bottom = 13.0
mouse_filter = 0
text = "Species Name"
align = 2
script = ExtResource( 4 )

[node name="SecondRow" type="HBoxContainer" parent="MarginContainer/MainRow"]
margin_top = 17.0
margin_right = 440.0
margin_bottom = 30.0

[node name="LocationLabel" type="Label" parent="MarginContainer/MainRow/SecondRow"]
margin_right = 340.0
margin_bottom = 13.0
size_flags_horizontal = 3
text = "State Name, Location Name"

[node name="AgeLabel" type="Label" parent="MarginContainer/MainRow/SecondRow"]
margin_left = 344.0
margin_right = 440.0
margin_bottom = 13.0
text = "50 years old"
align = 2

[node name="Label7" type="Label" parent="MarginContainer/MainRow"]
visible = false
margin_top = 36.0
margin_right = 453.0
margin_bottom = 50.0
text = "Title"

[node name="Columns" type="HBoxContainer" parent="MarginContainer/MainRow"]
margin_top = 34.0
margin_right = 440.0
margin_bottom = 256.0

[node name="FirstRow" type="VBoxContainer" parent="MarginContainer/MainRow/Columns"]
margin_right = 218.0
margin_bottom = 222.0
size_flags_horizontal = 3

[node name="OpinionBox" parent="MarginContainer/MainRow/Columns/FirstRow" instance=ExtResource( 5 )]
margin_bottom = 44.0

[node name="IdeologyBox" parent="MarginContainer/MainRow/Columns/FirstRow" instance=ExtResource( 6 )]
margin_top = 48.0
margin_bottom = 222.0

[node name="SecondRow" type="VBoxContainer" parent="MarginContainer/MainRow/Columns"]
margin_left = 222.0
margin_right = 440.0
margin_bottom = 222.0
size_flags_horizontal = 3
size_flags_vertical = 3

[node name="AgeBox" type="PanelContainer" parent="MarginContainer/MainRow/Columns/SecondRow"]
editor/display_folded = true
visible = false
margin_right = 218.0
margin_bottom = 60.0

[node name="VBoxContainer" type="VBoxContainer" parent="MarginContainer/MainRow/Columns/SecondRow/AgeBox"]
editor/display_folded = true
margin_left = 7.0
margin_top = 7.0
margin_right = 211.0
margin_bottom = 53.0

[node name="Ideology" type="Label" parent="MarginContainer/MainRow/Columns/SecondRow/AgeBox/VBoxContainer"]
margin_right = 204.0
margin_bottom = 13.0
text = "Age"
align = 1

[node name="Ideology2" type="Label" parent="MarginContainer/MainRow/Columns/SecondRow/AgeBox/VBoxContainer"]
margin_top = 17.0
margin_right = 204.0
margin_bottom = 46.0
text = "50 years old
Born 1/1/2150"
align = 1

[node name="TraitBox" type="PanelContainer" parent="MarginContainer/MainRow/Columns/SecondRow"]
margin_right = 218.0
margin_bottom = 78.0
script = ExtResource( 7 )

[node name="VBoxContainer" type="VBoxContainer" parent="MarginContainer/MainRow/Columns/SecondRow/TraitBox"]
margin_left = 7.0
margin_top = 7.0
margin_right = 211.0
margin_bottom = 71.0

[node name="TraitTitleLabel" type="Label" parent="MarginContainer/MainRow/Columns/SecondRow/TraitBox/VBoxContainer"]
margin_left = 70.0
margin_right = 134.0
margin_bottom = 13.0
size_flags_horizontal = 4
text = "[Traits]"
align = 1
script = ExtResource( 8 )

[node name="GridContainer" type="GridContainer" parent="MarginContainer/MainRow/Columns/SecondRow/TraitBox/VBoxContainer"]
margin_top = 17.0
margin_right = 204.0
margin_bottom = 64.0
columns = 2

[node name="Label5" type="Label" parent="MarginContainer/MainRow/Columns/SecondRow/TraitBox/VBoxContainer/GridContainer"]
margin_right = 100.0
margin_bottom = 13.0
size_flags_horizontal = 3
text = "Trait Name"
align = 1

[node name="Label6" type="Label" parent="MarginContainer/MainRow/Columns/SecondRow/TraitBox/VBoxContainer/GridContainer"]
margin_left = 104.0
margin_right = 204.0
margin_bottom = 13.0
size_flags_horizontal = 3
text = "Trait Name"
align = 1

[node name="Label7" type="Label" parent="MarginContainer/MainRow/Columns/SecondRow/TraitBox/VBoxContainer/GridContainer"]
margin_top = 17.0
margin_right = 100.0
margin_bottom = 30.0
size_flags_horizontal = 3
text = "Trait Name"
align = 1

[node name="Label8" type="Label" parent="MarginContainer/MainRow/Columns/SecondRow/TraitBox/VBoxContainer/GridContainer"]
margin_left = 104.0
margin_top = 17.0
margin_right = 204.0
margin_bottom = 30.0
size_flags_horizontal = 3
text = "Trait Name"
align = 1

[node name="Label9" type="Label" parent="MarginContainer/MainRow/Columns/SecondRow/TraitBox/VBoxContainer/GridContainer"]
margin_top = 34.0
margin_right = 100.0
margin_bottom = 47.0
size_flags_horizontal = 3
text = "Trait Name"
align = 1
